@book{demand2011mediterranean,
  title={The Mediterranean context of early Greek history},
  author={Demand, Nancy H},
  year={2011},
  publisher={John Wiley and Sons}
}

@article{rutter1975ceramic,
  title={Ceramic evidence for northern intruders in Southern Greece at the Beginning of the Late Helladic IIIC Period},
  author={Rutter, Jeremy B},
  journal={American Journal of Archaeology},
  pages={17--32},
  year={1975},
  publisher={JSTOR}
}

@article{mommsen2002complete,
  title={A complete chemical grouping of the Berkeley neutron activation analysis data on Mycenaean pottery},
  author={Mommsen, H and Beier, Th and Hein, A},
  journal={Journal of Archaeological Science},
  volume={29},
  number={6},
  pages={613--637},
  year={2002},
  publisher={Elsevier}
}


@article{cherry1982cyclades,
  title={The Cyclades and the Greek mainland in LC I: the evidence of the pottery},
  author={Cherry, John F and Davis, Jack L},
  journal={American Journal of Archaeology},
  pages={333--341},
  year={1982},
  publisher={JSTOR}
}

@article{davis1979late,
  title={Late Helladic I Pottery from Korakou},
  author={Davis, Jack L},
  journal={Hesperia: The Journal of the American School of Classical Studies at Athens},
  volume={48},
  number={3},
  pages={234--263},
  year={1979},
  publisher={JSTOR}
}
